
@article{lastname_firstword_1900,
	title = {The title of a great paper about kittens.},
	shorttitle = {Kittens},
	url = {http://www.sciencedirect.com.ezproxy.library.wisc.edu/science/article/pii/S0169772211000568},
	journal = {Journal of Cats and Kittens},
	author = {Mistopheles, Mr.},
	year = {2011}
},

